@inproceedings{barbalacepopcorn,
  title={Popcorn: a replicated-kernel {OS} based on {L}inux},
  author={Barbalace, Antonio and Ravindran, Binoy and Katz, David},
  booktitle={Ottawa Linux Symposium},
  number={14},
  series={1},
  pages={123--137},
  year={2014},
}

@article{unrau1995hierarchical,
  author={Unrau, Ronald C and Krieger, Orran and Gamsa, Benjamin and Stumm,
                  Michael},
  title={Hierarchical clustering: {A} structure for scalable multiprocessor
                  operating system design},
  journal={The Journal of Supercomputing},
  volume={9},
  number={1-2},
  pages={105--134},
  year={1995},
  publisher={Springer},
}

@incollection{patterson2011parallel,
  title={The Parallel Revolution Has Started: Are You Part of the Solution or
                  Part of the Problem?},
  author={Patterson, David},
  booktitle={High Performance Computing for Computational Science--VECPAR 2010},
  pages={26--27},
  year={2011},
  publisher={Springer},
}

@inproceedings{boyd2010analysis,
  title={An Analysis of {L}inux Scalability to Many Cores.},
  author={Boyd-Wickizer, Silas and Clements, Austin T and Mao, Yandong and
                  Pesterev, Aleksey and Kaashoek, M Frans and Morris, Robert and
                  Zeldovich, Nickolai and others},
  booktitle={OSDI},
  volume={10},
  pages={86--93},
  year={2010},
}

@inproceedings{boyd2008corey,
  title={Corey: An Operating System for Many Cores.},
  author={Boyd-Wickizer, Silas and Chen, Haibo and Chen, Rong and Mao, Yandong
                  and Kaashoek, M Frans and Morris, Robert and Pesterev, Aleksey
                  and Stein, Lex and Wu, Ming and Dai, Yue-hua and others},
  booktitle={OSDI},
  volume={8},
  pages={43--57},
  year={2008},
}

@misc{sharp2012,
  title={Scalable heterogeneous architecture offers critical performance needed
                  by highly demanding applications},
  author={The CATRENE group},
  year={2012},
  note={\url{http://www.catrene.org/web/downloads/profiles_catrene/CATRENE%20PP-CA109_SHARP.pdf}
                  (retrieved 2 April 2015)},
}

@misc{tsar2008,
  title={Tera-scale multi-core processor architecture ({TSAR})},
  author={The CATRENE group},
  year={2008},
  note={\url{http://www.catrene.org/web/downloads/profiles_medea/2A718-TSAR-profile-outMEDEA2%20%2823-6-10%29.pdf}
                  (retrieved 2 April 2015)},
}

@misc{tsar2008web,
  title={The {TSAR} Project},
  author={Greiner, Alain and Meunier, Quentin and Wajsbürt Franck},
  year={2008},
  note={\url{https://www-asim.lip6.fr/trac/tsar} (retrieved 2 April 2015)},
}

@inproceedings{greiner2009tsar,
  title={{TSAR}: a scalable, shared memory, many-cores architecture with global
                  cache coherence},
  author={Greiner, Alain},
  booktitle={9th International Forum on Embedded MPSoC and Multicore (MPSoC’09)},
  volume={15},
  year={2009},
}

@inproceedings{almaless2011almos,
  title={{ALMOS}: Advanced Locality Management Operating System for cc-{NUMA}
                  Many-Cores},
  author={Almaless, Ghassan and Wajsbürt, Franck},
  booktitle={Proceedings of the 5th national seminar of GDR SoC-SIP, Lyon,
                  France},
  year={2011},
}	

@unpublished{posix2013,
  title={{POSIX} {API} Specification},
  author={The Open Group},
  year={2013},
  note={\url{http://pubs.opengroup.org/onlinepubs/9699919799/} (retrieved 2
                  April 2015)},
}

@phdthesis{almaless2014universite,
  title={Operating System Design and Implementation for Single-Chip cc-NUMA
                  Many-Core},
  author={ALMALESS, Ghassan},
  year={2014},
  school={Université Pierre et Marie Curie},
}

@mastersthesis{guerret2014exploitation,
  author={Guerret, Francois},
  title={Expoitation de 1 Tera-octet de mémoire physique dans {ALMOS}},
  school={Université Pierre et Marie Curie},
  month={July},
  year={2014},
}

@book{gorman2004understanding,
  title={Understanding the Linux virtual memory manager},
  author={Gorman, Mel},
  year={2004},
  publisher={Prentice Hall Upper Saddle River}
}

@inproceedings{cranor1999uvm,
  title={The {UVM} {V}irtual {M}emory {S}ystem.},
  author={Cranor, Charles D and Parulkar, Guru M},
  booktitle={USENIX Annual Technical Conference, General Track},
  pages={117--130},
  year={1999}
}

@article{dillon2000design,
  title={Design elements of the Free{BSD} {VM} system},
  author={Dillon, Matthew},
  journal={Daemon News},
  year={2000}
}

@book{mckusick1996design,
  title={The design and implementation of the 4.4 BSD operating system},
  author={McKusick, Marshall Kirk and Bostic, Keith and Karels, Michael J and
                  Quarterman, John S},
  year={1996},
  publisher={Pearson Education}
}

@misc{kernelfreebsd,
  title={Free{BSD} {A}rchitecture' {H}andbook},
  author={Kernel, III},
  note={\url{https://www.freebsd.org/doc/en_US.ISO8859-1/books/arch-handbook/index.html}},
  year={2013}
}

@article{gamsatornado,
  title={Tornado: Maximizing Locality and Concurrency in a Shared Memory
                  Multiprocessor Operating System},
  author={Gamsa, Ben and Krieger, Orran and Appavoo, Jonathan and Stumm,
                  Michael}
}

@inproceedings{schupbach2008embracing,
  title={Embracing diversity in the Barrelfish manycore operating system},
  author={Sch{\"u}pbach, Adrian and Peter, Simon and Baumann, Andrew and Roscoe,
                  Timothy and Barham, Paul and Harris, Tim and Isaacs, Rebecca},
  booktitle={Proceedings of the Workshop on Managed Many-Core Systems},
  pages={27},
  year={2008}
}

@patent{patent6349380,
  title     = {Linear address extension and mapping to physical memory using 4
                  and 8 byte page table entries in a 32-bit microprocessor},
  number    = {6349380},
  author    = {Shahrokh, Shahidzadeh and Bryant E., Bigbee and David,
                  B. Papworth and Frank, Binns and Robert P., Colwell},
  year      = {2002},
  month     = {February},
  note       = {\url{http://www.freepatentsonline.com/6349380.html} (retrieved
                  16 April 2015)}
}

@book{russinovich2012windows,
  title={Windows internals},
  author={Russinovich, Mark and Solomon, David and Ionescu, Alex},
  year={2012},
  publisher={Pearson Education}
}

@misc{googleXXXXdatacenters,
  author={Google Inc.},
  note={\url{https://www.google.com/about/datacenters/efficiency/internal/}
                  (retrieved 16 April 2015)},
}

@misc{hp2012z820,
  author={Hewlett-Packard Company},
  title={{HP} {Z}820 datasheet},
  year={2012},
  note={\url{http://www.hp.com/united-states/campaigns/workstations/images/datasheet_z820.pdf}
                  (retrieved 16 April 2015)}
}

@misc{puget2013z9pe,
  author={Puget System},
  title={Asus {Z9PE-D16} datasheet},
  year={2013},
  note={\url{https://www.pugetsystems.com/featured/24TB-SSD-2U-Rackmount-Server-117}
                  (retrieved 16 April 2015)}
}

@article{wentzlaff2009factored,
  title={Factored operating systems (fos): the case for a scalable operating
                  system for multicores},
  author={Wentzlaff, David and Jean, Michel and Agarwal, Anant},
  journal={ACM SIGOPS Operating Systems Review},
  volume={43},
  number={2},
  pages={76--85},
  year={2009},
  publisher={ACM}
}

@inproceedings{wentzlaff2010operating,
  title={An operating system for multicore and clouds: mechanisms and implementation},
  author={Wentzlaff, David and Gruenwald III, Charles and Beckmann, Nathan and Modzelewski, Kevin and Belay, Adam and Youseff, Lamia and Miller, Jason and Agarwal, Anant},
  booktitle={Proceedings of the 1st ACM symposium on Cloud computing},
  pages={3--14},
  year={2010},
  organization={ACM}
}
