@inproceedings{almaless2011almos,
  title={{ALMOS}: Advanced Locality Management Operating System for cc-{NUMA}
                  Many-Cores},
  author={Almaless, Ghassan and Wajsbürt, Franck},
  booktitle={Proceedings of the 5th national seminar of GDR SoC-SIP, Lyon,
                  France},
  year={2011},
}

@phdthesis{almaless2014universite,
  title={Operating System Design and Implementation for Single-Chip cc-NUMA
                  Many-Core},
  author={Almaless, Ghassan},
  year={2014},
  school={Université Pierre et Marie Curie},
}

@misc{googleXXXXdatacenters,
  author={Google Inc.},
  note={\url{https://www.google.com/about/datacenters/efficiency/internal/}
                  (retrieved 16 April 2015)},
}

@misc{hp2012z820,
  author={Hewlett-Packard Company},
  title={{HP} {Z}820 datasheet},
  year={2012},
  note={\url{http://www.hp.com/united-states/campaigns/workstations/images/datasheet_z820.pdf}
                  (retrieved 16 April 2015)}
}

@misc{puget2013z9pe,
  author={Puget System},
  title={Asus {Z9PE-D16} datasheet},
  year={2013},
  note={\url{https://www.pugetsystems.com/featured/24TB-SSD-2U-Rackmount-Server-117}
                  (retrieved 16 April 2015)}
}

@inproceedings{greiner2009tsar,
  title={{TSAR}: a scalable, shared memory, many-cores architecture with global
                  cache coherence},
  author={Greiner, Alain},
  booktitle={9th International Forum on Embedded MPSoC and Multicore (MPSoC’09)},
  volume={15},
  year={2009},
}

@misc{tsar2008,
  title={Tera-scale multi-core processor architecture ({TSAR})},
  author={The CATRENE group},
  year={2008},
  note={\url{http://www.catrene.org/web/downloads/profiles_medea/2A718-TSAR-profile-outMEDEA2%20%2823-6-10%29.pdf}
                  (retrieved 2 April 2015)},
}

@misc{tsar2008web,
  title={The {TSAR} {P}roject},
  year={2008},
  note={\url{https://www-asim.lip6.fr/trac/tsar} (retrieved 2 April 2015)},
}

@misc{sharp2012,
  title={Scalable heterogeneous architecture offers critical performance needed
                  by highly demanding applications},
  author={The CATRENE group},
  year={2012},
  note={\url{http://www.catrene.org/web/downloads/profiles_catrene/CATRENE%20PP-CA109_SHARP.pdf}
                  (retrieved 2 April 2015)},
}

@unpublished{posix2013,
  title={{POSIX} {API} Specification},
  author={The Open Group},
  year={2013},
  note={\url{http://pubs.opengroup.org/onlinepubs/9699919799/} (retrieved 2
                  April 2015)},
}

@mastersthesis{guerret2014exploitation,
  author={Guerret, François},
  title={Expoitation de 1 Tera-octet de mémoire physique dans {ALMOS}},
  school={Université Pierre et Marie Curie},
  month={July},
  year={2014},
}

@inproceedings{baumann2009multikernel,
  title={The multikernel: a new {OS} architecture for scalable multicore
                  systems},
  author={Baumann, Andrew and Barham, Paul and Dagand, Pierre-Evariste and
                  Harris, Tim and Isaacs, Rebecca and Peter, Simon and Roscoe,
                  Timothy and Sch{\"u}pbach, Adrian and Singhania, Akhilesh},
  booktitle={Proceedings of the ACM SIGOPS 22nd symposium on Operating systems
                  principles},
  pages={29--44},
  year={2009},
  organization={ACM}
}

@misc{mozillaElectrolysis,
  title={The {E}lectrolysis {P}roject},
  note={\url{https://wiki.mozilla.org/Electrolysis} (retrieved 29 April 2015)},
}

@inproceedings{bailey1989ffts,
  title={FFTs in external of hierarchical memory},
  author={Bailey, David H},
  booktitle={Proceedings of the 1989 ACM/IEEE conference on Supercomputing},
  pages={234--242},
  year={1989},
  organization={ACM}
}

@book{woo1994performance,
  title={The performance advantages of integrating block data transfer in
                  cache-coherent multiprocessors},
  author={Woo, Steven Cameron and Singh, Jaswinder Pal and Hennessy, John L},
  volume={29},
  year={1994},
  publisher={ACM}
}

@inproceedings{blelloch1991comparison,
  title={A comparison of sorting algorithms for the connection machine CM-2},
  author={Blelloch, Guy E and Leiserson, Charles E and Maggs, Bruce M and
                  Plaxton, C Greg and Smith, Stephen J and Zagha, Marco},
  booktitle={Proceedings of the third annual ACM symposium on Parallel
                  algorithms and architectures},
  pages={3--16},
  year={1991},
  organization={ACM}
}

@inproceedings{vonleitner2001diet,
  title={The \texttt{dietlibc}},
  author={Von Leitner, Felix},
  booktitle={Proceedings of the Linux Kongress},
  year={2001},
  month={November},
  note={\url{http://www.fefe.de/dietlibc/talk.pdf} (retrieved 3 May 2015)}
}

@inproceedings{cranor1999uvm,
  title={The {UVM} {V}irtual {M}emory {S}ystem.},
  author={Cranor, Charles D and Parulkar, Guru M},
  booktitle={USENIX Annual Technical Conference, General Track},
  pages={117--130},
  year={1999}
}

@book{gorman2004understanding,
  title={Understanding the Linux virtual memory manager},
  author={Gorman, Mel},
  year={2004},
  publisher={Prentice Hall Upper Saddle River}
}

@book{russinovich2012windows,
  title={Windows internals},
  author={Russinovich, Mark and Solomon, David and Ionescu, Alex},
  year={2012},
  publisher={Pearson Education}
}

@article{dillon2000design,
  title={Design elements of the {F}ree{BSD} {VM} system},
  author={Dillon, Matthew},
  journal={Daemon News},
  year={2000}
}

@conference{steldt2009memory,
  title={Open{BSD} {P}hysical {M}emory {M}anagement},
  author={Ariane vand der Steldt},
  year={2009},
  booktitle={Slackathon},
  address={Stockholm University},
  month={August},
  note={\url{http://www.openbsd.org/papers/f2k9-pmemrange} (retrieved 21 April
                  2015)}
}

@conference{steldtXXXXopenbsd,
  title={Memory allocators in modern Operating Systems},
  author={Ariane vand der Steldt},
  note={\url{http://www.openbsd.org/papers/tdose_memalloc/presentation.html}
                  (retrieved 21 April 2015)}
}
